%% Created using Papers on Thu, 01 Oct 2015.
%% http://papersapp.com/papers/

@article{Simon:2013cz,
author = {Simon, Matthew D and Pinter, Stefan F and Fang, Rui and Sarma, Kavitha and Rutenberg-Schoenberg, Michael and Bowman, Sarah K and Kesner, Barry A and Maier, Verena K and Kingston, Robert E and Lee, Jeannie T},
title = {{High-resolution Xist binding maps reveal two-step spreading during X-chromosome inactivation}},
journal = {Nature},
year = {2013},
volume = {504},
number = {7480},
pages = {465--469},
month = dec
}

@article{Cerase:2015bt,
author = {Cerase, Andrea and Pintacuda, Greta and Tattermusch, Anna and Avner, Philip},
title = {{Xist localization and function: new insights from multiple levels.}},
journal = {Genome biology},
year = {2015},
volume = {16},
number = {1},
pages = {166}
}

@article{Carrel:2005id,
author = {Carrel, Laura and Willard, Huntington F},
title = {{X-inactivation profile reveals extensive variability in X-linked gene expression in females.}},
journal = {Nature},
year = {2005},
volume = {434},
number = {7031},
pages = {400--404},
month = mar
}

@article{Blaschke:2006jo,
author = {Blaschke, R{\"u}diger J{\"o}rg and Rappold, Gudrun},
title = {{The pseudoautosomal regions, SHOX and disease}},
journal = {Current opinion in genetics {\&} development},
year = {2006},
volume = {16},
number = {3},
pages = {233--239},
month = jun
}

@article{Ciccodicola:2000up,
author = {Ciccodicola, A and D'Esposito, M and Esposito, T and Gianfrancesco, F and Migliaccio, C and Miano, M G and Matarazzo, M R and Vacca, M and Franz{\`e}, A and Cuccurese, M and Cocchia, M and Curci, A and Terracciano, A and Torino, A and Cocchia, S and Mercadante, G and Pannone, E and Archidiacono, N and Rocchi, M and Schlessinger, D and D'Urso, M},
title = {{Differentially regulated and evolved genes in the fully sequenced Xq/Yq pseudoautosomal region.}},
journal = {Human molecular genetics},
year = {2000},
volume = {9},
number = {3},
pages = {395--401},
month = feb
}

@article{Jiang:2013ii,
author = {Jiang, Jun and Jing, Yuanchun and Cost, Gregory J and Chiang, Jen-Chieh and Kolpa, Heather J and Cotton, Allison M and Carone, Dawn M and Carone, Benjamin R and Shivak, David A and Guschin, Dmitry Y and Pearl, Jocelynn R and Rebar, Edward J and Byron, Meg and Gregory, Philip D and Brown, Carolyn J and Urnov, Fyodor D and Hall, Lisa L and Lawrence, Jeanne B},
title = {{Translating dosage compensation to trisomy 21.}},
journal = {Nature},
year = {2013},
volume = {500},
number = {7462},
pages = {296--300},
month = aug
}

@article{Simon:2013cz,
author = {Simon, Matthew D and Pinter, Stefan F and Fang, Rui and Sarma, Kavitha and Rutenberg-Schoenberg, Michael and Bowman, Sarah K and Kesner, Barry A and Maier, Verena K and Kingston, Robert E and Lee, Jeannie T},
title = {{High-resolution Xist binding maps reveal two-step spreading during X-chromosome inactivation}},
journal = {Nature},
year = {2013},
volume = {504},
number = {7480},
pages = {465--469},
month = dec
}








